%
%  Vzor bibliografické databáze pro automatickou tvorbu seznamu referencí
%  pomocí BibTeXu
%
%  Doporučený software pro správu databáze literatury formátu *.bib:
%    JabRef, http://jabref.sourceforge.net/
%
%  POZOR:
%
%    *  Písmena v názvech publikací, jež je třeba tisknout vždy velká, se musejí psát
%       do složených závorek ({T}hailand, {HIV})
%
%  ===========================================================================

@BOOK{Andel07,
  title = {Základy matematické statistiky},
  publisher = {Matfyzpress},
  year = {2007},
  author = {Anděl, J.},
  address = {Praha},
  series = {Druhé opravené vydání},
  isbn = {80-7378-001-1}
}
@book{bentley1999evolutionary,
  title={Evolutionary design by computers},
  author={Bentley, Peter},
  year={1999},
  publisher={Morgan Kaufmann},
  isbn={1-55860-605-X}
}
@BOOK{Andel98,
  title = {Statistické metody},
  publisher = {Matfyzpress},
  year = {1998},
  author = {Anděl, J.},
  address = {Praha},
  series = {Druhé přepracované vydání},
  isbn = {80-85863-27-8}
}

@ARTICLE{Cox72,
  author = {Cox, D. R.},
  title = {Regression models and life-tables (with {D}iscussion)},
  journal = {Journal of the Royal Statistical Society, Series B},
  year = {1972},
  volume = {34},
  pages = {187--220},
  number = {2}
}

@ARTICLE{DempsterLairdRubin77,
  author = {Dempster, A. P. and Laird, N. M. and Rubin, D. B.},
  title = {Maximum likelihood from incomplete data via the {EM} algorithm},
  journal = {Journal of the Royal Statistical Society, Series B},
  year = {1977},
  volume = {39},
  pages = {1--38},
  number = {1}
}

@ARTICLE{Genberget08,
  author = {Genberg, B. L. and Kulich, M. and Kawichai, S. and Modiba, P. and
	Chingono, A. and Kilonzo, G. P. and Richter, L. and Pettifor, A.
	and Sweat, M. and Celentano, D. D.},
  title = {{HIV} risk behaviors in Sub-{S}aharan {A}frica and {N}orthern {T}hailand:
	{B}aseline behavioral data from project {A}ccept},
  journal = {Journal of Acquired Immune Deficiency Syndrome},
  year = {2008},
  volume = {49},
  pages = {309--319}
}

@ARTICLE{KaplanMeier58,
  author = {Kaplan, E. L. and Meier, P.},
  title = {Nonparametric estimation from incomplete observations},
  journal = {Journal of the American Statistical Association},
  year = {1958},
  volume = {53},
  pages = {457--481},
  number = {282}
}

@BOOK{LehmannCasella98,
  title = {Theory of Point Estimation},
  publisher = {Springer-Verlag},
  year = {1998},
  author = {Lehmann, E. L. and Casella, G.},
  address = {New York},
  series = {{S}econd {E}dition},
  isbn = {0-387-98502-6}
}

@ARTICLE{Student08,
  author = {Student},
  title = {On the probable error of the mean},
  journal = {Biometrika},
  year = {1908},
  volume = {6},
  pages = {1-25}
}

@ARTICLE{Samal09,
  author = {DeVos, M. and Georgakopoulos, A. and Mohar, B. and Šámal, R.},
  title = {An Eberhard-like theorem for pentagons and heptagons},
  year = {2009},
  archivePrefix = "arXiv",
  eprint = {0905.3504},
  journal = {TODO}
}

@ARTICLE{Eberhard91,
  author = {Eberhard, V.},
  title = {Zur Morphologie der Polyeder},
  year = {1891},
  journal = {Leipzig: B. G. Teubner, 1891}
}

@ARTICLE{Fisher74,
  author = {Fisher, J. C.},
  title = { An existence theorem for simple convex polyhedra},
  year = {1974},
  journal = {Discrete Math. 7},
  pages = {75-97}
}

@ARTICLE{Tutte,
  author = {Tutte, W. T.},
  title = {How to Draw a Graph},
  year = {1963},
  journal = {Proceedings of the London Mathematical Society},
  volume = {s3-13},
  pages = {743-767},
}

@BOOK{Grunbaum,
  title = {Convex Polytopes},
  publisher = {Springer-Verlag},
  year = {2003},
  author = {Grünbaum, B.},
  address = {New York},
  series = {{S}econd {E}dition},
  isbn = {0-387-40409-0}
}
